@article{ribeiro2016should,
title={"Why Should I Trust You?": Explaining the Predictions of Any Classifier},
author={Ribeiro, Marco Tulio and Singh, Sameer and Guestrin, Carlos},
journal={Proceedings of the 22nd ACM SIGKDD International Conference on Knowledge Discovery and Data Mining},
pages={1135--1144},
year={2016},
doi={10.1145/2939672.2939778}
}

@book{molnar2019interpretable,
title={Interpretable Machine Learning: A Guide for Making Black Box Models Explainable},
author={Molnar, Christoph},
publisher={Lulu.com},
year={2019}
}

@article{samek2017explainable,
title={Explainable Artificial Intelligence (XAI): Concepts, taxonomies, opportunities and challenges toward responsible AI},
author={Samek, Wojciech and Montavon, Gr{'e}goire and Vedaldi, Andrea and Hansen, Lars Kai and M{"u}ller, Klaus-Robert},
journal={arXiv preprint arXiv:1708.08296},
year={2017}
}